@book{tomczak2022deep,
  author    = {Jakub M. Tomczak},
  title     = {Deep Generative Learning},
  publisher = {Springer},
  year      = {2022},
  isbn      = {978-3-030-99736-8},
}

@book{foster2019generative,
  author    = {David Foster},
  title     = {Generative Deep Learning: Teaching Machines to Paint, Write, Compose, and Play},
  publisher = {O'Reilly Media},
  year      = {2019},
  isbn      = {978-1-4920-3900-3}
}

@misc{hein2024physicsinspiredgenerativemodelsmedical,
      title={Physics-Inspired Generative Models in Medical Imaging: A Review}, 
      author={Dennis Hein and Afshin Bozorgpour and Dorit Merhof and Ge Wang},
      year={2024},
      eprint={2407.10856},
      archivePrefix={arXiv},
      primaryClass={eess.IV},
      url={https://arxiv.org/abs/2407.10856}, 
}
@article{Guo_2022,
   title={Physics-assisted generative adversarial network for X-ray tomography},
   volume={30},
   ISSN={1094-4087},
   url={http://dx.doi.org/10.1364/OE.460208},
   DOI={10.1364/oe.460208},
   number={13},
   journal={Optics Express},
   publisher={Optica Publishing Group},
   author={Guo, Zhen and Song, Jung Ki and Barbastathis, George and Glinsky, Michael E. and Vaughan, Courtenay T. and Larson, Kurt W. and Alpert, Bradley K. and Levine, Zachary H.},
   year={2022},
   month=jun, pages={23238} }

@misc{chen2022dhganphysicsdrivenuntrainedgenerative,
      title={DH-GAN: A Physics-driven Untrained Generative Adversarial Network for 3D Microscopic Imaging using Digital Holography}, 
      author={Xiwen Chen and Hao Wang and Abolfazl Razi and Michael Kozicki and Christopher Mann},
      year={2022},
      eprint={2205.12920},
      archivePrefix={arXiv},
      primaryClass={cs.IR},
      url={https://arxiv.org/abs/2205.12920}, 
}

@misc{ho2020denoisingdiffusionprobabilisticmodels,
      title={Denoising Diffusion Probabilistic Models}, 
      author={Jonathan Ho and Ajay Jain and Pieter Abbeel},
      year={2020},
      eprint={2006.11239},
      archivePrefix={arXiv},
      primaryClass={cs.LG},
      url={https://arxiv.org/abs/2006.11239}, 
}

@misc{goodfellow2014generativeadversarialnetworks,
      title={Generative Adversarial Networks}, 
      author={Ian J. Goodfellow and Jean Pouget-Abadie and Mehdi Mirza and Bing Xu and David Warde-Farley and Sherjil Ozair and Aaron Courville and Yoshua Bengio},
      year={2014},
      eprint={1406.2661},
      archivePrefix={arXiv},
      primaryClass={stat.ML},
      url={https://arxiv.org/abs/1406.2661}, 
}

@misc{kingma2022autoencodingvariationalbayes,
      title={Auto-Encoding Variational Bayes}, 
      author={Diederik P Kingma and Max Welling},
      year={2022},
      eprint={1312.6114},
      archivePrefix={arXiv},
      primaryClass={stat.ML},
      url={https://arxiv.org/abs/1312.6114}, 
}


@article{Paganini_2018,
   title={Accelerating Science with Generative Adversarial Networks: An Application to 3D Particle Showers in Multilayer Calorimeters},
   volume={120},
   ISSN={1079-7114},
   url={http://dx.doi.org/10.1103/PhysRevLett.120.042003},
   DOI={10.1103/physrevlett.120.042003},
   number={4},
   journal={Physical Review Letters},
   publisher={American Physical Society (APS)},
   author={Paganini, Michela and de Oliveira, Luke and Nachman, Benjamin},
   year={2018},
   month=jan }


@misc{catbase1,
    url = {https://www.kaggle.com/datasets/borhanitrash/cat-dataset},
}

@misc{catbase2,
    url = {https://www.kaggle.com/datasets/crawford/cat-dataset},
}

@misc{dogbase,
    url = {https://www.kaggle.com/datasets/jessicali9530/stanford-dogs-dataset},
}